<record><leader>00000cas a22000007a 4500</leader><controlfield tag="001">16637844</controlfield><controlfield tag="008">870903d19331935ohuwr ne      0    0eng d</controlfield><datafield ind1=" " ind2=" " tag="010"><subfield code="a">sn 87075022 </subfield></datafield><datafield ind1=" " ind2=" " tag="040"><subfield code="a">ONP</subfield><subfield code="b">eng</subfield><subfield code="c">ONP</subfield><subfield code="d">OCLCQ</subfield></datafield><datafield ind1=" " ind2=" " tag="042"><subfield code="a">msc</subfield></datafield><datafield ind1="0" ind2=" " tag="130"><subfield code="a">Perry County news (New Lexington, Ohio)</subfield></datafield><datafield ind1="1" ind2="0" tag="245"><subfield code="a">Perry County news.</subfield></datafield><datafield ind1=" " ind2=" " tag="260"><subfield code="a">New Lexington, Ohio :</subfield><subfield code="b">Perry County Pub. Co.,</subfield><subfield code="c">1933-</subfield></datafield><datafield ind1=" " ind2=" " tag="300"><subfield code="a">v.</subfield></datafield><datafield ind1=" " ind2=" " tag="310"><subfield code="a">Weekly</subfield></datafield><datafield ind1="0" ind2=" " tag="362"><subfield code="a">Vol. 36, no. 56 (Sept. 8, 1933)-</subfield></datafield><datafield ind1="1" ind2=" " tag="362"><subfield code="a">Ceased in Aug. 1935.</subfield></datafield><datafield ind1=" " ind2="4" tag="651"><subfield code="a">New Lexington (Ohio)</subfield><subfield code="v">Newspapers.</subfield></datafield><datafield ind1=" " ind2="4" tag="651"><subfield code="a">Perry County (Ohio)</subfield><subfield code="v">Newspapers.</subfield></datafield><datafield ind1=" " ind2=" " tag="752"><subfield code="a">United States</subfield><subfield code="b">Ohio</subfield><subfield code="c">Perry</subfield><subfield code="d">New Lexington.</subfield></datafield><datafield ind1="0" ind2="0" tag="780"><subfield code="t">Perry County sentinel (New Lexington, Ohio)</subfield></datafield><datafield ind1="0" ind2="7" tag="785"><subfield code="t">New Lexington sentinel</subfield></datafield><datafield ind1="0" ind2="7" tag="785"><subfield code="t">New Lexington daily news</subfield><subfield code="w">(DLC)sn 87075030</subfield></datafield><datafield ind1="1" ind2=" " tag="029"><subfield code="a">AU@</subfield><subfield code="b">000025799839</subfield></datafield></record>